<?xml version="1.0" encoding="UTF-8"?><collection xmlns="http://www.loc.gov/MARC21/slim"><record><leader>00543nam--2200169-i-4500</leader><controlfield tag="001">000045917</controlfield><controlfield tag="002">20161230</controlfield><controlfield tag="005">20170112231613</controlfield><controlfield tag="008">060222s1000------------r-----000-0-eng-d</controlfield><datafield ind1=" " ind2=" " tag="080"><subfield code="a">32</subfield></datafield><datafield ind1=" " ind2=" " tag="100"><subfield code="a">Ulbricht, Walter</subfield></datafield><datafield ind1=" " ind2=" " tag="245"><subfield code="a">L`unite de l`allemagne doit servir la paix. (A la 12e session du Comite Central du Parati unifie d`allemagne du 28 avril, 1966)</subfield></datafield><datafield ind1=" " ind2=" " tag="260"><subfield code="a">Dresden</subfield><subfield code="b">Ed. Zeit Imbild Dd-r - 801</subfield><subfield code="c">1966</subfield></datafield><datafield ind1=" " ind2=" " tag="300"><subfield code="a">86 p</subfield></datafield><datafield ind1=" " ind2=" " tag="490"><subfield code="a">Documents De Politique Nationale De La Rda</subfield></datafield><datafield ind1=" " ind2=" " tag="852"><subfield code="a">25268</subfield></datafield><datafield ind1=" " ind2=" " tag="CAT"><subfield code="a">SYS</subfield><subfield code="c">20170112</subfield><subfield code="h">231613</subfield></datafield></record></collection>